@inproceedings{ono1990measuring,
  title={Measuring the Complexity of Join Enumeration in Query Optimization.},
  author={Ono, Kiyoshi and Lohman, Guy M},
  booktitle={VLDB},
  pages={314--325},
  year={1990}
}

@incollection{galindo1995uniformly,
  title={Uniformly-distributed random generation of join orders},
  author={Galindo-Legaria, C{\'e}sar A and Pellenkoft, Arjan and Kersten, Martin L},
  booktitle={Database Theoryâ€”ICDT'95},
  pages={280--293},
  year={1995},
  publisher={Springer}
}

@inproceedings{moerkotte2006analysis,
  title={Analysis of two existing and one new dynamic programming algorithm for the generation of optimal bushy join trees without cross products},
  author={Moerkotte, Guido and Neumann, Thomas},
  booktitle={Proceedings of the 32nd international conference on Very large data bases},
  pages={930--941},
  year={2006},
  organization={VLDB Endowment}
}

@inproceedings{dehaan2007optimal,
  title={Optimal top-down join enumeration},
  author={DeHaan, David and Tompa, Frank Wm},
  booktitle={Proceedings of the 2007 ACM SIGMOD international conference on Management of data},
  pages={785--796},
  year={2007},
  organization={ACM}
}

@inproceedings{borkar2011hyracks,
  title={Hyracks: A flexible and extensible foundation for data-intensive computing},
  author={Borkar, Vinayak and Carey, Michael and Grover, Raman and Onose, Nicola and Vernica, Rares},
  booktitle={Data Engineering (ICDE), 2011 IEEE 27th International Conference on},
  pages={1151--1162},
  year={2011},
  organization={IEEE}
}

@article{ibaraki1984optimal,
  title={On the optimal nesting order for computing N-relational joins},
  author={Ibaraki, Toshihide and Kameda, Tiko},
  journal={ACM Transactions on Database Systems (TODS)},
  volume={9},
  number={3},
  pages={482--502},
  year={1984},
  publisher={ACM}
}

@incollection{raghavan2009multi,
  title={Multi-join continuous query optimization: Covering the spectrum of linear, acyclic, and cyclic queries},
  author={Raghavan, Venkatesh and Zhu, Yali and Rundensteiner, Elke A and Dougherty, Daniel},
  booktitle={Dataspace: The Final Frontier},
  pages={91--106},
  year={2009},
  publisher={Springer}
}

@inproceedings{fender2011new,
  title={A new, highly efficient, and easy to implement top-down join enumeration algorithm},
  author={Fender, Pit and Moerkotte, Guido},
  booktitle={Data Engineering (ICDE), 2011 IEEE 27th International Conference on},
  pages={864--875},
  year={2011},
  organization={IEEE}
}

@inproceedings{fender2012effective,
  title={Effective and Robust Pruning for Top-Down Join Enumeration Algorithms},
  author={Fender, Pit and Moerkotte, Guido and Neumann, Thomas and Leis, Viktor},
  booktitle={Data Engineering (ICDE), 2012 IEEE 28th International Conference on},
  pages={414--425},
  year={2012},
  organization={IEEE}
}

@inproceedings{fender2013top,
  title={Top down plan generation: From theory to practice},
  author={Fender, Pit and Moerkotte, Guido},
  booktitle={Data Engineering (ICDE), 2013 IEEE 29th International Conference on},
  pages={1105--1116},
  year={2013},
  organization={IEEE}
}

@inproceedings{pellenkoft1997complexity,
  title={The complexity of transformation-based join enumeration},
  author={Pellenkoft, Arjan and Galindo-Legaria, C{\'e}sar A and Kersten, Martin},
  booktitle={VLDB},
  pages={306--315},
  year={1997}
}

@inproceedings{roy2000efficient,
  title={Efficient and extensible algorithms for multi query optimization},
  author={Roy, Prasan and Seshadri, Srinivasan and Sudarshan, S and Bhobe, Siddhesh},
  booktitle={ACM SIGMOD Record},
  volume={29},
  number={2},
  pages={249--260},
  year={2000},
  organization={ACM}
}

@book{silberschatz1997database,
  title={Database system concepts},
  author={Silberschatz, Abraham and Korth, Henry F and Sudarshan, S},
  volume={4},
  year={1997},
  publisher={McGraw-Hill Hightstown}
}